@book{bryant2003computer,
	title={Computer systems: a programmer's perspective},
	author={Bryant, Randal E and David Richard, O'Hallaron and David Richard, O'Hallaron},
	volume={2},
	year={2003},
	publisher={Prentice Hall Upper Saddle River}
}

@article{lecture,
	author={CMU, lab lecture },
	title={http://www.cs.cmu.edu/afs/cs/academic/class/15213-f15/www/recitations/rec07.pdf}
}

@article{sanchez2013zsim,
	title={ZSim: Fast and accurate microarchitectural simulation of thousand-core systems},
	author={Sanchez, Daniel and Kozyrakis, Christos},
	journal={ACM SIGARCH Computer architecture news},
	volume={41},
	number={3},
	pages={475--486},
	year={2013},
	publisher={ACM New York, NY, USA}
}

@article{zhihu,
	title={Zhihu: optimal resolution in cachelab},
	author={https://zhuanlan.zhihu.com/p/387662272}
}

